@article{sakai,
    author = "Sakai, Takeshi and Makoto Okazaki and Yutaka Matsuo",
    title  = "Earthquake shakes Twitter users: real-time event detection by social sensors"
}
