@article{sakai,
    author = "Sakai, Takeshi, Makoto Okazaki, Yutaka Matsuo",
    title  = "Earthquake shakes Twitter users: real-time event detection by social sensors"
}
